
@book{book:tdd,
    author = {K. Beck},
    title = {Test Driven Development: By Example},
    year = {2002},
    isbn = {0321146530},
    publisher = {Addison-Wesley Longman Publishing Co., Inc.},
    address = {Boston, MA, USA}
}

@article{article:bdd,
    author  = {D. North},
    title   = {Behavior Modification: The evolution of behavior-driven development},
    year    = {2006},
    journal = {Better Software},
    volume  = {8},
    number  = {3}
}

@article{article:skygate,
    author  = {SkyGate Team},
    title   = {Why should you use Behavior Driven Development (BDD) approach in early stage startups?},
    month = {April},
    year    = {2014},
    journal = {Skygate}
}

@article{article:coverage,
    author  = {Marston Myron},
    title   = {In Defense of 100\% Test Coverage},
    year    = {2012},
    journal = {Dev Blog},
    url = {}
}

@book{book:cucumber,
    title = {The cucumber book : behaviour-driven development for testers and developers},
    author = {Wynne, Matt and Hellesoy, Aslak},
    publisher = {Pragmatic Bookshelf},
    isbn = {978-1-934356-80-7},
    year = {2012}
}

@book{book:introduction_to_software_testing,
    author = {Ammann, Paul and Offutt, Jeff},
    title = {Introduction to Software Testing},
    year = {2008},
    isbn = {0521880386, 9780521880381},
    edition = {1st},
    publisher = {Cambridge University Press},
    address = {New York, NY, USA}
}

@book{book:rspec,
    author = {Chelimsky, David and Astels, Dave and Helmkamp, Bryan and North, Dan and Dennis, Zach and Hellesoy, Aslak},
    title = {The RSpec Book: Behaviour Driven Development with Rspec, Cucumber, and Friends},
    year = {2010},
    isbn = {1934356379, 9781934356371},
    edition = {1st},
    publisher = {Pragmatic Bookshelf}
} 


@misc{intro_rspec,
    author = {Treehouse Blog},
    title = {An Introduction To RSpec},
    year = {2011},
    howpublished = {\url{http://blog.teamtreehouse.com/an-introduction-to-rspec}} 
}

@book{book:villafiorita,
    author = {Villafiorita, Adolfo},
    month = {March},
    publisher = {Auerbach Publications},
    title = {Introduction to Software Project Management},
    year = {2014},
    pages={31-32}
}

@book{book:towards_paper,
    author={Diepenbeck, M. and Soeken, M. and Grobe, D. and Drechsler, R.}, 
    booktitle={Automation of Software Test (AST), 2013 8th International Workshop on}, 
    title={Towards automatic scenario generation from coverage information}, 
    year={2013}, 
    month={May}, 
    pages={82-88},
    doi={10.1109/IWAST.2013.6595796},
    publisher = {IEEE}
}

@book{book:uml_diagram,
    author={Parampreet Kaur and Gaurav Gupta﻿},
    booktitle={International Journal of Computer Science and Mobile Computing},
    title={Automated Model-Based Test Path Generation from UML Diagrams via Graph Coverage Techniques﻿},
    year={2013},
    month={July},
    pages={302–311},
    keywords={SUT; TestOptimal; State charts; MECG; STG},
    publisher = {International Journal of Computer Science and Mobile Computing}
}

@INPROCEEDINGS{novel_approach, 
    author={Yuan-Hsin Tung and Shian-Shyong Tseng and Tsung-Ju Lee and Jui-Feng Weng}, 
    booktitle={Quality Software (QSIC), 2010 10th International Conference on}, 
    title={A Novel Approach to Automatic Test Case Generation for Web Applications}, 
    year={2010}, 
    month={July}, 
    pages={399-404}, 
    keywords={Internet;automatic programming;program testing;Web application testing;Web based software system;automatic test case generation;control dependence;data dependence;two phase approach;Explosions;Navigation;Portals;Software;Testing;Unified modeling language;Web pages;Web application testing;automatic test;control dependence;data dependence;test case generation}, 
    doi={10.1109/QSIC.2010.33}, 
    ISSN={1550-6002}
}

@INPROCEEDINGS{automated_test_case_ia, 
    author={Chao Zhang and Xiaoying Bai and Junlong Li and Renwei Zhang}, 
    booktitle={Quality Software (QSIC), 2013 13th International Conference on}, 
    title={Automated Test Case Generation for Embedded Software Using Extended Interface Automata}, 
    year={2013}, 
    month={July}, 
    pages={292-298}, 
    keywords={automata theory;embedded systems;program testing;search problems;EIA model;automated test case generation;automatic testing;component compositions;embedded software;embedded systems;extended IA;extended interface automata;external observable behaviour;interconnected components;lightweight formal method;search problem;Automata;Data mining;Data models;Embedded software;Finite element analysis;Testing;Unified modeling language;embedded software;extended interface automata;test automation}, 
    doi={10.1109/QSIC.2013.24}
}

@article{article:testing_web_app_with_fsms,
    author={Andrews, Anneliese A. and Offutt, Jeff and Alexander, Roger T.},
    title={Testing Web applications by modeling with FSMs},
    year={2005},
    issn={1619-1366},
    journal={Software and Systems Modeling},
    volume={4},
    number={3},
    doi={10.1007/s10270-004-0077-7},
    url={http://dx.doi.org/10.1007/s10270-004-0077-7},
    publisher={Springer-Verlag},
    pages={326-345},
    language={English}
}
